<record><leader>00000cas a2200000 a 4500</leader><controlfield tag="001">38078782</controlfield><controlfield tag="008">971212d19061915cauwr ne      0    0eng c</controlfield><datafield ind1=" " ind2=" " tag="010"><subfield code="a">sn 97069691 </subfield></datafield><datafield ind1=" " ind2=" " tag="040"><subfield code="a">CNK</subfield><subfield code="b">eng</subfield><subfield code="c">CNK</subfield><subfield code="d">OCLCQ</subfield><subfield code="d">CNK</subfield><subfield code="d">OCLCQ</subfield><subfield code="d">OCLCF</subfield><subfield code="d">OCLCO</subfield></datafield><datafield ind1="1" ind2=" " tag="029"><subfield code="a">AU@</subfield><subfield code="b">000013651864</subfield></datafield><datafield ind1=" " ind2=" " tag="042"><subfield code="a">pcc</subfield></datafield><datafield ind1=" " ind2=" " tag="043"><subfield code="a">n-us-ca</subfield></datafield><datafield ind1="0" ind2=" " tag="130"><subfield code="a">Pomona times (Pomona, Calif. : 1906)</subfield></datafield><datafield ind1="1" ind2="4" tag="245"><subfield code="a">The Pomona times.</subfield></datafield><datafield ind1="1" ind2="3" tag="246"><subfield code="a">Pomona weekly times</subfield><subfield code="f">&lt;Sept. 6, 1910&gt;-</subfield></datafield><datafield ind1=" " ind2=" " tag="260"><subfield code="a">Pomona, Los Angeles Co., Cal. :</subfield><subfield code="b">Wasson &amp; Roberts</subfield></datafield><datafield ind1=" " ind2=" " tag="300"><subfield code="a">v.</subfield></datafield><datafield ind1=" " ind2=" " tag="310"><subfield code="a">Weekly</subfield></datafield><datafield ind1="0" ind2=" " tag="362"><subfield code="a">Vol. 25, no 19 (Feb. 7, 1906)-</subfield></datafield><datafield ind1="1" ind2=" " tag="362"><subfield code="a">Ceased in Jan. 1915.</subfield></datafield><datafield ind1=" " ind2=" " tag="500"><subfield code="a">"Resumed the Weekly Times after 1 year 3 month absence"--Jan. 9, 1913.</subfield></datafield><datafield ind1=" " ind2=" " tag="515"><subfield code="a">Suspended &lt;Oct. 1911&gt;</subfield></datafield><datafield ind1=" " ind2=" " tag="530"><subfield code="a">Master negatives are available for duplication from:</subfield><subfield code="b">California Newspaper Microfilm Archive;</subfield><subfield code="c">positive copies may be purchased by the reel; for further information consult the CNMA at:</subfield><subfield code="u">http://cbsr.ucr.edu</subfield></datafield><datafield ind1=" " ind2="0" tag="651"><subfield code="a">Pomona (Calif.)</subfield><subfield code="v">Newspapers.</subfield></datafield><datafield ind1=" " ind2="7" tag="655"><subfield code="a">Newspapers.</subfield><subfield code="2">fast</subfield><subfield code="0">(OCoLC)fst01423814</subfield></datafield><datafield ind1=" " ind2="7" tag="651"><subfield code="a">California</subfield><subfield code="z">Pomona.</subfield><subfield code="2">fast</subfield><subfield code="0">(OCoLC)fst01207153</subfield></datafield><datafield ind1=" " ind2=" " tag="752"><subfield code="a">United States</subfield><subfield code="b">California</subfield><subfield code="c">Los Angeles</subfield><subfield code="d">Pomona.</subfield></datafield><datafield ind1="0" ind2=" " tag="775"><subfield code="t">Pomona morning times</subfield><subfield code="w">(DLC)sn 98061552</subfield></datafield><datafield ind1="0" ind2="0" tag="780"><subfield code="t">Pomona weekly times (Pomona, Calif. : 1891)</subfield><subfield code="w">(DLC)sn 95061207</subfield></datafield><datafield ind1="0" ind2="0" tag="785"><subfield code="t">Bulletin (Pomona, Calif.)</subfield><subfield code="w">(DLC)sn 98061213</subfield></datafield></record>